<?xml version="1.0" encoding="UTF-8"?><collection xmlns="http://www.loc.gov/MARC21/slim"><record><leader>00574nam--2200181-i-4500</leader><controlfield tag="001">000001071</controlfield><controlfield tag="002">20161230</controlfield><controlfield tag="005">20161230201024</controlfield><controlfield tag="008">060222s1000------------r-----000-0-fre-d</controlfield><datafield ind1=" " ind2=" " tag="040"><subfield code="a">IFIN-HH</subfield></datafield><datafield ind1=" " ind2=" " tag="041"><subfield code="a">fre</subfield></datafield><datafield ind1=" " ind2=" " tag="080"><subfield code="a">538.911(043):537.311.32</subfield></datafield><datafield ind1="1" ind2=" " tag="100"><subfield code="a">Heritier, Michel</subfield></datafield><datafield ind1="1" ind2="0" tag="245"><subfield code="a">Structure electronique des isolants de mott. applications a certains semiconducteurs magnetiques dopes</subfield><subfield code="b">These</subfield><subfield code="c">Michel heritier</subfield></datafield><datafield ind1=" " ind2=" " tag="260"><subfield code="a">Paris</subfield><subfield code="b">L'Universite De Paris_sud, Centre D'Orsay</subfield><subfield code="c">1975</subfield></datafield><datafield ind1=" " ind2=" " tag="300"><subfield code="a">158 P</subfield></datafield><datafield ind1=" " ind2=" " tag="852"><subfield code="a">44189</subfield><subfield code="c">537.311.33</subfield></datafield><datafield ind1=" " ind2=" " tag="CAT"><subfield code="a">Sys</subfield><subfield code="c">20110722</subfield><subfield code="h">160739</subfield></datafield></record></collection>